@misc{DICOM,
    author = "NEMA",
    title = "DICOM PS3.1 - Introduction and Overview",
    year = "2016",
    url = "https://dicom.nema.org/medical/dicom/2016a/output/pdf/part01_changes.pdf"
}

@article{TCIA,
    author = {Prior, Fred and Smith, Kirk and Sharma, Ashish and Kirby, Justin and Tarbox, Lawrence and Clark, Ken and Bennett, William and Nolan, Tracy and Freymann, John},
    title = {The public cancer radiology imaging collections of The Cancer Imaging Archive},
    journal = {Scientific Data},
    year = {2017},
    volume = {4},
    number = {1},
    pages = {170124},
    doi = {10.1038/sdata.2017.124},
    url = {https://doi.org/10.1038/sdata.2017.124},
}

@article {NBIA,
    author = {Angela Nicholas and Paul Mulhern and Eliot Siegel},
    title = {The National Biomedical Imaging Archive: A repository of advanced imaging information},
    volume = {53},
    number = {supplement 1},
    pages = {1009--1009},
    year = {2012},
    publisher = {Society of Nuclear Medicine},
    issn = {0161-5505},
    URL = {https://jnm.snmjournals.org/content/53/supplement_1/1009},
    eprint = {https://jnm.snmjournals.org/content},
    journal = {Journal of Nuclear Medicine}
}

@book{quantizationGersho,
  title={Vector Quantization and Signal Compression},
  author={Gersho, Allen and Gray, Robert M.},
  year={1992},
  publisher={Springer Science \& Business Media},
  address={Boston, MA},
  isbn={9780792391818}
}


@book{digitalImageProcessingGonzalez,
    title={Digital Image Processing},
    author={Gonzalez, Rafael C. and Woods, Richard E.},
    year={2008},
    publisher={Pearson Education}
}

@book{miano1999compressed,
  title={Compressed image file formats: Jpeg, png, gif, xbm, bmp},
  author={Miano, John},
  year={1999},
  publisher={Addison-Wesley Professional}
}

@book{dataCopressionSayood,
    title={Introduction to Data Compression},
    author={Sayood, Khalid},
    year={2006},
    publisher={Academic Press}
}

@book{medicalImageHandbookBankman,
    title={Handbook of Medical Imaging: Processing and Analysis Management},
    author={Bankman, I.},
    isbn={9780080533100},
    series={Biomedical Engineering},
    url={https://books.google.com.br/books?id=UHkkPBnhT-MC},
    year={2000},
    publisher={Elsevier Science}
}

@article{compressionTechniquesElakkiya,
    title={Comprehensive Review on Lossy and Lossless Compression Techniques},
    author={Elakkiya, S. and Thivya, K. S.},
    journal={Journal of The Institution of Engineers (India): Series B},
    volume={103},
    pages={1003--1012},
    year={2021},
    doi={10.1007/s40031-021-00686-3}
}

@misc{imeUspHuffman,
    title={Algoritmo de Huffman para compressão de dados},
    author={Paulo Feofiloff},
    year={2019},
    publisher={Instituto de Matemática e Estatística da Universidade de São Paulo (IME-USP)},
    URL={https://www.ime.usp.br/~pf/estruturas-de-dados/aulas/huffman.html}
}

@article{huffmanArticle,
    author={Huffman, David A.},
    journal={Proceedings of the IRE}, 
    title={A Method for the Construction of Minimum-Redundancy Codes}, 
    year={1952},
    volume={40},
    number={9},
    pages={1098-1101},
    keywords={Transmitters},
    doi={10.1109/JRPROC.1952.273898},
    url={https://compression.ru/download/articles/huff/huffman_1952_minimum-redundancy-codes.pdf}
}

@article{lempelZivArticle,
  title={A universal algorithm for sequential data compression},
  author={Ziv, Jacob and Lempel, Abraham},
  journal={IEEE Transactions on information theory},
  volume={23},
  number={3},
  pages={337--343},
  year={1977},
  publisher={IEEE}
}

@misc{imeUspBinaryTrees,
    title={Árvores bináriass},
    author={Paulo Feofiloff},
    year={2018},
    publisher={Instituto de Matemática e Estatística da Universidade de São Paulo (IME-USP)},
    URL={https://www.ime.usp.br/~pf/algoritmos/aulas/bint.html}
}

@book{multivariateAnalysis,
    title={Multivariate Analysis: Methods and Applications},
    author={Dillon, W.R. and Goldstein, M.},
    isbn={9780471083177},
    lccn={lc84003584},
    series={Wiley Series in Probability and Statistics},
    url={https://books.google.com.br/books?id=nrbvAAAAMAAJ},
    year={1984},
    publisher={Wiley}
}

% trabalhos relacionaods

@article{stolfi2000MedicalCompression,
    title={Processos de compress{\~a}o de dados aplicados a imagens m{\'e}dicas},
    author={Stolfi, Guido and Campos, Geraldo Lino de},
    year={2000}
}

@article{santos2012PCACompression,
    author    = {Rafael do Espírito Santo},
    title     = {Utilização da Análise de Componentes Principais na compressão de imagens digitais},
    journal   = {einstein (São Paulo)},
    year      = {2012},
    volume    = {10},
    number    = {2},
    pages     = {135--139},
    doi       = {10.1590/S1679-45082012000200004},
    keywords  = {Análise de componentes principais, Autovalores, Autovetores, Compressão de imagens, Padrões, Redução de dimensão},
    language  = {en},
    issn      = {1679-4508},
    url       = {https://journal.einstein.br/article/principal-component-analysis-applied-to-digital-image-compression/},
    urldate   = {2024-06-06}
}

% stand by 
@mastersthesis{medeiros2015compressionIndustrial,
    title={An{\'a}lise de desempenho de algoritmos de compress{\~a}o de dados com perda para aplica{\c{c}}{\~o}es industriais},
    author={Medeiros Neto, Edson Jackson de},
    year={2015},
    school={Universidade Federal do Rio Grande do Norte},
    url={https://repositorio.ufrn.br/bitstream/123456789/20598/1/EdsonJacksonDeMedeirosNeto_DISSERT.pdf}
}

@phdthesis{sousa2015compressaoTempoReal,
    title={Compress{\~a}o de imagens com transmiss{\~a}o em tempo real},
    author={de Sousa, Ricardo Costa Antunes},
    year={2015},
    school={Universidade Federal do Rio Grande do Norte}
}

@mastersthesis{agostini2002JPEGArch,
    title={Projeto de arquiteturas integradas para a compressão de imagens JPEG},
    author={Agostini, Luciano Volcan},
    year={2002},
    school={Universidade Federal do Rio Grande do Sul. Instituto de Informática. Programa de Pós-Graduação em Computação},
    url={https://lume.ufrgs.br/handle/10183/11431}
}

% stand by
@inproceedings{escarpinati2002mamografia,
    title={Avalia{\c{c}}{\~a}o de T{\'e}cnicas de Compress{\~a}o sem Perdas Aplicadas a Imagens Mamogr{\'a}ficas Digitais de Mamas Densas},
    author={Escarpinati, Mauricio Cunha and Schiabel, Homero},
    booktitle={Anais do XVIII Congresso Brasileiro de Engenharia Biom{\'e}dica (CBEB’2002), S{\~a}o Jos{\'e} dos Campos, SP, Brasil},
    volume={1},
    pages={195--198},
    year={2002},
    url={https://repositorio.usp.br/bitstreams/201d21b0-2ece-414c-a2d2-77b7af5fdd3f}
}

% stand by
@article{frighetto2014VertebrasCompression,
    title={CLASSIFICAÇÃO SEMIAUTOMÁTICA DE FRATURAS VERTEBRAIS POR COMPRESSÃO EM IMAGENS DE RESSONÂNCIA MAGNÉTICA},
    author={Frighetto-Pereira, L and Menezes-Reis, R and Pereyra, LC and Azevedo-Marques, PM and Rangayyan, RM and Nogueira-Barbosa, MH},
    booktitle={Proceedings of the XXIV Congresso Brasileiro de Engenharia Biom{\'e}dica (CBEB), Uberl{\^a}ndia, MG, Brazil},
    pages={1--4},
    year={2014},
    url={https://www.canal6.com.br/cbeb/2014/artigos/cbeb2014_submission_045.pdf}
}

@inbook{marques2007mamografia,
    author = {Marques, José and Honório, Tatiane and Poel, Jan and Souza, André and Batista, Leonardo},
    year = {2007},
    month = {01},
    pages = {1216-1220},
    title = {Compressão sem Perdas de Imagens Mamográficas Utilizando Código Gray e Algoritmo PPM},
    volume = {18},
    isbn = {978-3-540-74470-2},
    doi = {10.1007/978-3-540-74471-9_282}
}

% IMAGENS

@article{imageCompressionExample,
    author="Chaudhary, Ankit Kumar
    and Mehrotra, Rajat
    and Ansari, M. A.
    and Tripathi, Pragati",
    editor="Agrawal, Rajeev
    and Kishore Singh, Chandramani
    and Goyal, Ayush",
    title="A Novel Scheme for Medical Image Compression Using Huffman and DCT Techniques",
    booktitle="Advances in Smart Communication and Imaging Systems ",
    year="2021",
    publisher="Springer Singapore",
    address="Singapore",
    pages="289--300",
    isbn="978-981-15-9938-5"
}

@article{imageCompressionRate,
    author    = {Kamil Dimililer},
    title     = {DCT-based medical image compression using machine learning},
    journal   = {Signal, Image and Video Processing},
    year      = {2022},
    volume    = {16},
    number    = {1},
    pages     = {55--62},
    month     = {February},
    doi       = {10.1007/s11760-021-01951-0},
    url       = {https://doi.org/10.1007/s11760-021-01951-0},
}

@article{imageLossyVsLossless,
    author       = {Rekha Biradar and Aziz Makandar},
    title        = {Analysis of 3D Medical Image Compression},
    journal      = {International Research Journal of Modernization in Engineering Technology and Science},
    year         = {2022},
    volume       = {4},
    number       = {12},
    pages        = {9},
    publisher    = {IRJMETS},
    url          ={https://www.irjmets.com/uploadedfiles/paper/issue_12_december_2022/31876/final/fin_irjmets1670230344.pdf},
}

@article{imageQuantization,
    title = "Exploring Digital Image Dithering Techniques on a Broken Foot Image",
    journal = "Journal of Medical Imaging and Health Informatics",
    parent_itemid = "infobike://asp/jmihi",
    publishercode ="asp",
    year = "2020",
    volume = "10",
    number = "9",
    publication_date = "2020-08-01T00:00:00",
    pages = "2247-2251",
    itemtype = "ARTICLE",
    issn = "2156-7018",
    eissn = "2156-7026",
    url = "https://www.ingentaconnect.com/content/asp/jmihi/2020/00000010/00000009/art00045",
    doi = "doi:10.1166/jmihi.2020.3134",
    keyword = "Half-Toning, Filtering, Dithering, PSNR, MSE, Broken Foot, Matlab",
    author = "Li, Yuan and Xu, Zili and Liu, Xiangyang and Sasi, G. and Sundar Prakash Balaji, M. and Jegadeesan, Nirmala and Devasena, L. and Balaji, V. S. and Elamaran, V.",
}

@Article{imageRgbGrayscale,
    AUTHOR = {Veikutis, Vincentas and Brazdziunas, Mindaugas and Keleras, Evaldas and Basevicius, Algidas and Grib, Andrei and Skaudickas, Darijus and Lukosevicius, Saulius},
    TITLE = {Diagnostic Approaches to Adult-Type Diffuse Glial Tumors: Comparative Literature and Clinical Practice Study},
    JOURNAL = {Current Oncology},
    VOLUME = {30},
    YEAR = {2023},
    NUMBER = {9},
    PAGES = {7818--7835},
    URL = {https://www.mdpi.com/1718-7729/30/9/568},
    PubMedID = {37754483},
    ISSN = {1718-7729},
    DOI = {10.3390/curroncol30090568}
}

@book{imageDicomMetadata,
    author = {Luís António Bastião Silva and Carlos Manuel Azevedo Costa},
    title = {Medical imaging services supported on cloud},
    publisher = {L. Silva},
    year = {2011},
    address = {Aveiro},
    url = {http://hdl.handle.net/10773/7245}
}
% url = "https://ria.ua.pt/bitstream/10773/7245/1/BASTIAO_MSc_Thesis_2011.pdf",

@misc{imageDicom,
  author = "Andy Stiny",
  title = "'Battlefield MRI' in the works - Navy Times",
  year = "2015",
  url = "https://www.navytimes.com/news/your-navy/2015/06/04/battlefield-mri-in-the-works/",
  note = "[Online; accessed 5-June-2024]"
}

@misc{imageHuffmanTree,
    title = {Huffman Coding using Python - Javatpoint},
    author = {Javatpoint},
    year = {2021},
    url = {https://www.javatpoint.com/huffman-coding-using-python}
}

@misc{imagePNGCompression,
  author = "Anon",
  title = "Lossless Compression - Lossy and Lossless",
  year = "2024",
  url = "https://lossyandlossless.weebly.com/lossless-compression.html",
  note = "[Online; accessed 5-June-2024]"
}

@article{hsieh2009computedDicomResolution512,
  title={Computed tomography: principles, design, artifacts, and recent advances},
  author={Hsieh, Jiang},
  year={2003},
  publisher={SPIE press}
}

@misc{sklearnDocumentation,
    title       = {scikit-learn: Machine Learning in Python},
    author      = {Pedregosa, F. and Varoquaux, G. and Gramfort, A. and Michel, V. and Thirion, B. and Grisel, O. and Blondel, M. and Prettenhofer, P. and Weiss, R. and Dubourg, V. and Vanderplas, J. and Passos, A. and Cournapeau, D. and Brucher, M. and Perrot, M. and Duchesnay, E.},
    year        = {2011},
    journal     = {Journal of Machine Learning Research},
    volume      = {12},
    pages       = {2825--2830},
    url         = {https://scikit-learn.org/stable/}
}

@misc{pillowDocumentation,
    title       = {Pillow: The Friendly PIL Fork},
    author      = {Clark, Alex and Contributors},
    year        = {2023},
    howpublished= {\url{https://pillow.readthedocs.io/en/stable/}}
}

@misc{numpyDocumentation,
    title       = {NumPy: The fundamental package for array computing with Python},
    author      = {Harris, Charles R. and Millman, K. Jarrod and van der Walt, Stéfan J. and Gommers, Ralf and Virtanen, Pauli and Cournapeau, David and Wieser, Eric and Taylor, Julian and Berg, Sebastian and Smith, Nathaniel J. and Kern, Robert and Picus, Matti and Hoyer, Stephan and van Kerkwijk, Marten H. and Brett, Matthew and Haldane, Allan and Fernández del Río, Jaime and Wiebe, Mark and Peterson, Pearu and Gérard-Marchant, Pierre and Sheppard, Kevin and Reddy, Tyler and Weckesser, Warren and Abbasi, Hameer and Gohlke, Christoph and Oliphant, Travis E.},
    year        = {2020},
    journal     = {Nature},
    volume      = {585},
    pages       = {357--362},
    url         = {https://numpy.org/doc/stable/}
}


BASE DE DADOS

EA1141 https://www.cancerimagingarchive.net/collection/ea1141/#citations
@dataset{breastCancerCollection,
  author       = {Comstock, Cecilia E. and Gatsonis, Constantine and Newstead, Gillian M. and Snyder, Betsy S. and Gareen, Ilana F. and Bergin, James T. and Rahbar, Habib and Sung, Jae S. and Jacobs, Christine and Harvey, Jennifer A. and Nicholson, Mary H. and Ward, Rebecca C. and Holt, Jamie and Prather, Ann and Miller, Kathy D. and Schnall, Mitchell D. and Kuhl, Christiane K.},
  title        = {Abbreviated Breast MRI and Digital Tomosynthesis Mammography in Screening Women With Dense Breasts (EA1141) (Version 1)},
  year         = {2023},
  publisher    = {The Cancer Imaging Archive},
  doi          = {10.7937/2BAS-HR33},
  url          = {https://doi.org/10.7937/2BAS-HR33}
}

NSCLC https://www.cancerimagingarchive.net/collection/nsclc-radiomics/#citations
@dataset{lungCancerCollection,
  author       = {Aerts, H. J. W. L. and Wee, L. and Rios Velazquez, E. and Leijenaar, R. T. H. and Parmar, C. and Grossmann, P. and Carvalho, S. and Bussink, J. and Monshouwer, R. and Haibe-Kains, B. and Rietveld, D. and Hoebers, F. and Rietbergen, M. M. and Leemans, C. R. and Dekker, A. and Quackenbush, J. and Gillies, R. J. and Lambin, P.},
  title        = {Data From NSCLC-Radiomics (version 4)},
  year         = {2014},
  publisher    = {The Cancer Imaging Archive},
  doi          = {10.7937/K9/TCIA.2015.PF0M9REI},
  url          = {https://doi.org/10.7937/K9/TCIA.2015.PF0M9REI}
}

REMIND https://www.cancerimagingarchive.net/collection/remind/#citations
@dataset{brainCancerCollection,
  author       = {Juvekar, P. and Dorent, R. and Kögl, F. and Torio, E. and Barr, C. and Rigolo, L. and Galvin, C. and Jowkar, N. and Kazi, A. and Haouchine, N. and Cheema, H. and Navab, N. and Pieper, S. and Wells, W. M. and Bi, W. L. and Golby, A. and Frisken, S. and Kapur, T.},
  title        = {The Brain Resection Multimodal Imaging Database (ReMIND) (Version 1)},
  year         = {2023},
  publisher    = {The Cancer Imaging Archive},
  doi          = {10.7937/3RAG-D070},
  url          = {https://doi.org/10.7937/3RAG-D070}
}

@misc{DICOMTransferSyntax,
  author    = {DICOM Library},
  title     = {DICOM {T}ransfer {S}yntax {UID}s},
  year      = {2023},
  url       = {https://www.dicomlibrary.com/dicom/transfer-syntax/},
}


https://www.cancerimagingarchive.net/data-usage-policies-and-restrictions/
https://creativecommons.org/licenses/by/4.0/#ref-indicate-changes

